@misc{cartography,
   author = {{E}astern {I}nstitute for {I}ntegrated {L}earning in {M}anagement {U}niversity},
   title = {{C}artography -- {EIILM} {U}niversity},
   url = {http://www.eiilmuniversity.co.in/downloads/CARTOGRAPHY.pdf},
   note = {Last Accessed: 2017-07-21}
}

@misc{google_maps,
    author = {Google},
    title = {{G}oogle {M}aps - {D}ocumentation},
    year = 2017,
    url = {https://developers.google.com/maps/documentation/javascript/examples/map-coordinates},
    note = {Last Accessed: 2017-07-11}
}

@online{mercator,
    author = {Prof. Dr. Axel Lorke},
    title = {{D}ie {M}ercator-{P}rojektion â€“ {W}as genau versteht man darunter?},
    year = 2012,
    url = {http://www.gerhard-mercator.de/2012/02/22/die-mercator-projektion-was-genau-versteht-man-darunter/},
    note = {Last Accessed: 2017-07-11}
}

@misc{equirectangular,
    author = {Eric W. Weisstein},
    title = {{E}quirectangular {P}rojection.},
    year = 2012,
    url = {http://mathworld.wolfram.com/EquirectangularProjection.html},
    note = {2017-07-11}
}

@misc{img::hsv,
  url = {https://www.npmjs.com/package/better-hsv},
  note = {Last Accessed: 2017-07-20}
}

@misc{img::mercator,
  author = {Daniel R. Strebe},
  url = {https://upload.wikimedia.org/wikipedia/commons/f/f4/Mercator_projection_SW.jpg},
  note = {Last Accessed: 2017-07-20},
  year = {2011}
}

@misc{img::equirectangular,
  author = {Daniel R. Strebe},
  url = {https://upload.wikimedia.org/wikipedia/commons/8/83/Equirectangular_projection_SW.jpg},
  note = {Last Accessed: 2017-07-20},
  year = {2011}
}

@article{DIJKSTRA1959,
 author = {Dijkstra, Edsger~W.},
 journal = {Numerische Mathematik},
 pages = {269-271},
 title = {{A} {N}ote on {T}wo {P}roblems in {C}onnexion with {G}raphs},
 volume = {1},
 year = {1959},
 number ={1}
}

@article{4082128,
 author={Peter~E. Hart and Nils~J. Nilsson and Bertram Raphael},
 journal={IEEE Transactions on Systems Science and Cybernetics},
 title={A Formal Basis for the Heuristic Determination of Minimum Cost Paths},
 year={1968},
 volume={4},
 number={2},
 pages={100--107},
}

@misc{walrus,
  url = {https://www.caida.org/tools/visualization/walrus/},
  note = {Last Accessed: 2017-07-21}
}

@misc{visualgo,
  url = {https://visualgo.net},
  note = {Last Accessed: 2017-07-21}
}
